<record><leader>00000cas a2200000 a 4500</leader><controlfield tag="001">8821623</controlfield><controlfield tag="008">820930d18481855iludn ne      0   a0eng  </controlfield><datafield ind1=" " ind2=" " tag="010"><subfield code="a">sn 82015863 </subfield></datafield><datafield ind1=" " ind2=" " tag="040"><subfield code="a">DLC</subfield><subfield code="b">eng</subfield><subfield code="c">DLC</subfield><subfield code="d">NPX</subfield><subfield code="d">NPU</subfield><subfield code="d">NPT</subfield><subfield code="d">DLC</subfield><subfield code="d">NVF</subfield><subfield code="d">YOX</subfield><subfield code="d">NVF</subfield><subfield code="d">HUL</subfield><subfield code="d">CNK</subfield><subfield code="d">NVF</subfield><subfield code="d">CVF</subfield><subfield code="d">OCL</subfield><subfield code="d">NVF</subfield><subfield code="d">OCLCQ</subfield><subfield code="d">NVF</subfield><subfield code="d">OCLCO</subfield><subfield code="d">OCLCQ</subfield><subfield code="d">OCLCF</subfield><subfield code="d">NVF</subfield><subfield code="d">OCLCO</subfield><subfield code="d">OCL</subfield></datafield><datafield ind1=" " ind2=" " tag="042"><subfield code="a">pcc</subfield></datafield><datafield ind1=" " ind2=" " tag="043"><subfield code="a">n-us-il</subfield></datafield><datafield ind1="0" ind2="0" tag="050"><subfield code="a">Newspaper 7692</subfield></datafield><datafield ind1="0" ind2="0" tag="245"><subfield code="a">Illinois daily journal.</subfield></datafield><datafield ind1="1" ind2="3" tag="246"><subfield code="a">Daily journal</subfield></datafield><datafield ind1=" " ind2=" " tag="260"><subfield code="a">Springfield, Ill. :</subfield><subfield code="b">S. &amp; A. Francis,</subfield><subfield code="c">1848-1855.</subfield></datafield><datafield ind1=" " ind2=" " tag="300"><subfield code="a">v.</subfield></datafield><datafield ind1=" " ind2=" " tag="310"><subfield code="a">Daily (except Sun.)</subfield></datafield><datafield ind1="1" ind2=" " tag="362"><subfield code="a">Began with June 13, 1848 issue.</subfield></datafield><datafield ind1="0" ind2=" " tag="362"><subfield code="a">-v. 8, no. 51 (Aug. 11, 1855).</subfield></datafield><datafield ind1=" " ind2=" " tag="500"><subfield code="a">Also published a triweekly ed.</subfield></datafield><datafield ind1=" " ind2=" " tag="530"><subfield code="a">Preservation microfilmed by the University of Illinois at Urbana-Champaign Library as part of the United States Newspaper Program; the years 1848-1855 (on 3 microfilm reels) are available for purchase from OCLC Preservation Service Centers.</subfield></datafield><datafield ind1=" " ind2=" " tag="580"><subfield code="a">Weekly eds.: Illinois journal (Springfield, Ill. : 1847), 1848-1850, and: Illinois weekly journal, 1850-1855, and: Illinois State journal (Springfield, Ill. : 1855), 1855.</subfield></datafield><datafield ind1=" " ind2=" " tag="588"><subfield code="a">Description based on: Vol. 1, no. 2 (June 14, 1848).</subfield></datafield><datafield ind1=" " ind2="0" tag="651"><subfield code="a">Springfield (Ill.)</subfield><subfield code="v">Newspapers.</subfield></datafield><datafield ind1=" " ind2="0" tag="651"><subfield code="a">Illinois</subfield><subfield code="v">Newspapers.</subfield></datafield><datafield ind1=" " ind2="7" tag="651"><subfield code="a">Illinois</subfield><subfield code="2">fast</subfield><subfield code="0">(OCoLC)fst01205143</subfield></datafield><datafield ind1=" " ind2="7" tag="651"><subfield code="a">Illinois</subfield><subfield code="z">Springfield.</subfield><subfield code="2">fast</subfield><subfield code="0">(OCoLC)fst01204937</subfield></datafield><datafield ind1=" " ind2="7" tag="655"><subfield code="a">Newspapers.</subfield><subfield code="2">fast</subfield><subfield code="0">(OCoLC)fst01423814</subfield></datafield><datafield ind1=" " ind2=" " tag="752"><subfield code="a">United States</subfield><subfield code="b">Illinois</subfield><subfield code="c">Sangamon</subfield><subfield code="d">Springfield.</subfield></datafield><datafield ind1="1" ind2=" " tag="775"><subfield code="t">Illinois journal (Springfield, Ill. : 1847)</subfield><subfield code="w">(DLC)sn 82015926</subfield><subfield code="w">(OCoLC)8821409</subfield></datafield><datafield ind1="1" ind2=" " tag="775"><subfield code="t">Illinois weekly journal</subfield><subfield code="w">(DLC)sn 84038646</subfield><subfield code="w">(OCoLC)11418425</subfield></datafield><datafield ind1="1" ind2=" " tag="775"><subfield code="t">Illinois State journal (Springfield, Ill. : 1855)</subfield><subfield code="w">(DLC)sn 82015929</subfield><subfield code="w">(OCoLC)8821588</subfield></datafield><datafield ind1="0" ind2="0" tag="785"><subfield code="t">Daily Illinois State journal (Springfield, Ill. : 1855)</subfield><subfield code="w">(DLC)sn 82015633</subfield><subfield code="w">(OCoLC)8821703</subfield></datafield><datafield ind1=" " ind2=" " tag="850"><subfield code="a">MH</subfield></datafield><datafield ind1="1" ind2=" " tag="029"><subfield code="a">AU@</subfield><subfield code="b">000003749830</subfield></datafield></record>